@string{concur   = {CONCUR'}}
@string{dlt      = {DLT'}}
@string{lncs     = {Lect. Notes. Comp. Sci.}}
@string{pot      = {Proc. of }}
@string{raiit2a  = {RAIRO Inform. Théor. Appl.}}
@string{springer = {Springer}}
@string{thec5    = {Theoret. Comput. Sci.}}
@string{tcs      = thec5}


@article{Simon:Semigroups-Matrices-over-Tropical:1994:a,
	Author       = {Imre Simon},
	Journal      = raiit2a,
	Number       = {3-4},
	Pages        = {277--294},
	Title        = {On Semigroups of Matrices over the Tropical Semiring},
	Volume       = {28},
	Year         = {1994}}


@article{Kirsten:Distance-desert-automata-star:2005:a,
	Author       = {Kirsten, D.},
	Journal      = raiit2a,
	Number       = {3},
	Pages        = {455--509},
	Title        = {Distance desert automata and the star height problem},
	Volume       = {39},
	Year         = {2005}}


@article{Leung&Podolskiy:limitedness-problem-distance-automata::2004:a,
	Author       = {Hing Leung and Viktor Podolskiy},
	Journal      = tcs,
	Number       = {1-3},
	Pages        = {147--158},
	Title        = {The limitedness problem on distance automata: {H}ashiguchi's method revisited},
	Volume       = {310},
	Year         = {2004}}

@incollection{Leung:topological-approach-limitedness-problem:1998:a,
	Author       = {Hing Leung},
	Booktitle    = {Idempotency},
	Editor       = {Jeremy Gunawardena},
	Publisher    = {Kluwer},
	Title        = {The topological approach to the limitedness problem on distance automata},
	Year         = {1998}}

@incollection{Bojanczyk:Factorization-Forests:2009:a,
	Author       = {Boja{\'n}czyk, Miko{\l}aj},
	Booktitle    = pot # dlt # 09,
	Editor       = {Diekert, Volker and Nowotka, Dirk},
	Number       = {5583},
	Pages        = {1--17},
	Publisher    = springer,
	Series       = lncs,
	Title        = {Factorization Forests},
	Year         = {2009}}


@article{Colcombet:Factorization-forests-infinite-words:2010:a,
	Author       = {Colcombet, {\relax Th}.},
	Journal      = tcs,
	Number       = {4-5},
	Pages        = {751--764},
	Title        = {Factorization forests for infinite words and applications to countable scattered linear orderings},
	Volume       = {411},
	Year         = {2010}}


@article{Simon:Factorization-forests-finite-height:1990:a,
	Author       = {I. Simon},
	Journal      = tcs,
	Number       = {1},
	Pages        = {65-94},
	Title        = {Factorization forests of finite height},
	Volume       = {72},
	Year         = {1990}}


@article{Kirsten:Distance-desert-automata-star:2005:a,
	Author       = {Kirsten, D.},
	Journal      = raiit2a,
	Number       = {3},
	Pages        = {455--509},
	Title        = {Distance desert automata and the star height problem},
	Volume       = {39},
	Year         = {2005}}


@inproceedings{Abdulla&Krcal&Yi:R-automata:2008:a,
	Author       = {Parosh Aziz Abdulla and Pavel Krcal and Wang Yi},
	Booktitle    = pot # concur # 08,
	Editor       = {Franck van Breugel and Marcha Chechik},
	Pages        = {67--81},
	Publisher    = springer,
	Series       = lncs,
	Title        = {{R}-automata},
	Volume       = {5201},
	Year         = {2008}}

@article{Hashiguchi:Limitedness-theorem-on-finite-automata-with-distance-functions:1982:a,
	Author       = {K. Hashiguchi},
	Journal      = {J. Comput. Syst. Sci.},
	Volume       = {5201},
	Pages        = {233--244},
	Title        = {Limitedness Theorem on Finite Automata with Distance Functions},
	Year         = {1982}}

@article{Eggan:Transition-graphs-and-the-star-height-of-regular-events:1963:a,
	Author       = {L.C. Eggan},
	Journal      = {Michigan Mathematical Journal},
	Volume       = {10},
	Pages        = {385--397},
	Title        = {Transition graphs and the star-height of regular events},
	Year         = {1963}}

@book{Elements-d-algorithmique,
	Author       = {J. Berstel and D. Beauquier and Ph. Chrétienne},
	Title        = {Elements d'algorithmique},
	Year         = {2005}}